=LDR  01966cam a22004813  4500
=001  017558413
=003  Uk
=005  20230228134910.0
=007  cr\mn\024mpada
=008  880628s1845\\\\enk\\\\\s\\\\\001\0\eng\\
=FMT  \\$a  BK
=019  x\$a0323370306
=040  \\$aUk$beng$cUk$dUk
=100  1\$aBilling, Sidney,$d1813-$eauthor.
=245  14$aThe law and practice of patents and registration of designs, with the pleadings and all the necessary forms /$cby Sidaney Billing and Alexander Prince.
=264  \1$aLondon :$bW. Benning & Co,$c1845.
=300  \\$axii, 227 pages ;$c(8º)
=336  \\$atext$2rdacontent
=337  \\$acomputer$2rdamedia
=338  \\$aonline$2rdacarrier
=340  \\$m8vo$2rdabf
=500  \\$aIncludes index.
=700  1\$aPrince, Alexander,$eauthor.
=859  \\$aXLD$bGOOGLEBOOKS
=856  41$uhttp://books.google.co.uk/books?vid=BL:A0020228123$yGoogle_Books
=852  4\$cDRT$jDigital Store 1380.d.6.$aBritish Library$bHMNTS
=852  41$aBritish Library$bHMNTS$jRB.23.a.40309
=985  \\$aUpgraded by BSS-generated file for WR1910-0531
=CAT  \\$aBATCH-DCW$b00$c20150929$lBLL01$h0201
=CAT  \\$aBATCH-UPD$b00$c20150929$lBLL01$h0202
=CAT  \\$aWR14_057$b00$c20151129$lBLL01$h1955
=CAT  \\$aR1710-0956$b00$c20171026$lBLL01$h1826
=CAT  \\$a1805-0738$c20190104$lBLL01$h1817
=CAT  \\$a1805-0738$b00$c20190104$lBLL01$h1857
=CAT  \\$aW1910-0531$b00$c20191108$lBLL01$h1827
=CAT  \\$a8874$b40$c20230228$lBLL01$h1349
=FIN  \\$aY$d20150929
=LKR  \\$aPAR$lBLL01$r776$b000351650$mThe law and practice of patents and registration of designs, with the pleadings and all the necessary forms$nThe law and practice of patents and registration of designs, with the pleadings and all the necessary forms
=DGM  \\$a000351650$bCatBridge variable field
=DRT  \\$aGOOGLEBOOKS
=SRC  \\$aGOOGLEBOOKS$bGoogleBooks_20150928
=OHC  \\$a1
=LAS  \\$a8874$b40$c20230228$lBLL01$h1349

