=LDR  01992ckd a2200469 a 4500
=001  018128255
=003  Uk
=005  20230421174333.0
=007  cr\mn\024mpada
=008  071114q1876\\\\enknnn\\|\\\\\\s\\kneng\\
=FMT  \\$a  VM
=040  \\$aUk$beng$cUk$egihc
=245  00$aGLACIARIUM$h[graphic] /
=260  \\$caround 1876
=300  \\$a1 print :$bwood engraving ;$c101 x 160 mm (trimmed).
=336  \\$astill image$2rdacontent
=337  \\$acomputer$2rdamedia
=338  \\$aonline$2rdacarrier
=520  \\$aA view of the Glaciarium or artificial frozen lake installed in Baker Street in 1876. Accompanying an account of the winter of 1813-14 and the Glaciarium.
=562  \\$aCopy at 840.m.27.(1). Part of a collection of materials about frost fairs.$5Uk
=650  \0$aFairs$zEngland$zThames River$xHistory.
=650  \0$aIce on rivers, lakes, etc$zEngland$zThames River$xHistory.
=651  \0$aThames River (England)$xSocial life and customs.
=655  \7$aBook illustrations.$2gmgpc
=655  \7$aViews.$2gmgpc
=655  \7$aWood engravings.$2gmgpc
=859  \\$aXLD$bGOOGLEBOOKS
=856  41$uhttp://books.google.com/books?vid=BL:A0022003481$yGoogle_Books
=852  41$aBritish Library$bHMNTS$j840.m.27.(1.)
=852  4\$cDRT$jDigital Store 840.m.27.(1.)$aBritish Library$bHMNTS
=CAT  \\$aBATCH-DCW$b00$c20161203$lBLL01$h0201
=CAT  \\$aWR14_057$b00$c20170504$lBLL01$h1850
=CAT  \\$aR1710-0956$b00$c20171108$lBLL01$h1743
=CAT  \\$a14185$b40$c20230421$lBLL01$h1743
=FIN  \\$aY$d20161203
=LKR  \\$aANA$b001335303$lBLL01$r773$mGLACIARIUM$n[A collection of bills, cuttings from periodicals, prints, etc. illustrating the fairs held on the Thames, during the winters of 1683-4, 1814, etc.]
=LKR  \\$aPAR$lBLL01$r776$b015405134$mGLACIARIUM$nGLACIARIUM
=DGM  \\$a015405134$bCatBridge variable field
=DRT  \\$aGOOGLEBOOKS
=SRC  \\$aGOOGLEBOOKS$bGoogleBooks_20161202
=OHC  \\$a0
=LAS  \\$a14185$b40$c20230421$lBLL01$h1743

