=LDR  02110ckd a2200469 a 4500
=001  018169493
=003  Uk
=005  20230421174403.0
=007  cr\mn\024mpada
=008  071114q1876\\\\enknnn\\|\\\\\\s\\kneng\\
=FMT  \\$a  VM
=040  \\$aUk$beng$cUk$egihc
=245  00$aFAIR ON THE THAMES$h[graphic] /
=260  \\$caround 1876
=300  \\$a1 print :$bwood engraving ;$c113 x 152 mm (trimmed).
=336  \\$astill image$2rdacontent
=337  \\$acomputer$2rdamedia
=338  \\$aonline$2rdacarrier
=520  \\$aA view of the 1814 Frost Fair, St. Paul's and Blackfriars Bridge in the background. In addition to the usual amusements, there is a band (left). The print is lettered above "ANNIVERSARIES" and below with an account of the winter of 1813-14.
=562  \\$aCopy at 840.m.27.(1). Part of a collection of materials about frost fairs.$5Uk
=650  \0$aFairs$zEngland$zThames River$xHistory.
=650  \0$aIce on rivers, lakes, etc$zEngland$zThames River$xHistory.
=651  \0$aThames River (England)$xSocial life and customs.
=655  \7$aBook illustrations.$2gmgpc
=655  \7$aViews.$2gmgpc
=655  \7$aWood engravings.$2gmgpc
=859  \\$aXLD$bGOOGLEBOOKS
=856  41$uhttp://books.google.com/books?vid=BL:A0022003480$yGoogle_Books
=852  41$aBritish Library$bHMNTS$j840.m.27.(1.)
=852  4\$aBritish Library$bHMNTS$cDRT$jDigital Store 840.m.27.(1.)
=CAT  \\$aBATCH-DCW$b00$c20170110$lBLL01$h0202
=CAT  \\$aWR14_057$b00$c20170504$lBLL01$h1851
=CAT  \\$aR1710-0956$b00$c20171108$lBLL01$h1745
=CAT  \\$a14185$b40$c20230421$lBLL01$h1744
=FIN  \\$aY$d20170110
=LKR  \\$aANA$b001335303$lBLL01$r773$mFAIR ON THE THAMES$n[A collection of bills, cuttings from periodicals, prints, etc. illustrating the fairs held on the Thames, during the winters of 1683-4, 1814, etc.]
=LKR  \\$aPAR$lBLL01$r776$b015405133$mFAIR ON THE THAMES$nFAIR ON THE THAMES
=DGM  \\$a015405133$bCatBridge variable field
=DRT  \\$aGOOGLEBOOKS
=SRC  \\$aGOOGLEBOOKS$bGoogleBooks_20170109
=OHC  \\$a0
=LAS  \\$a14185$b40$c20230421$lBLL01$h1744

