=LDR  01604cam a22004453  4500
=001  016804675
=003  Uk
=005  20220203112612.0
=007  cr\mn\024mpada
=008  870921|1861||||enk\\\\|s\\\\\|||\||eng\\
=FMT  \\$a  BK
=019  x\$a0080290086
=040  \\$aUk$cUk
=100  1\$aANDERSON, John,$cRev., Minister of Kinnoull.
=245  10$aBible Incidents; and their lessons..
=264  \1$aLondon :$bT. Nelson & Sons,$c1861.
=300  \\$a263 pages ;$c(12º)
=336  \\$atext$2rdacontent
=337  \\$acomputer$2rdamedia
=338  \\$aonline$2rdacarrier
=856  41$uhttp://books.google.com/books?vid=BL:A0017102986$yGoogle_Books
=859  \\$aXLD$bGOOGLEBOOKS
=852  4\$cDRT$jDigital Store 3149.b.25.$aBritish Library$bHMNTS
=852  41$aBritish Library$bHMNTS$cDRT$jEMC.2021.a.65c
=985  \\$aBSR Backlog project record un-reviewed
=985  \\$aUpgraded by BSS-generated file for WR1910-0531
=CAT  \\$aBATCH-DCW$b00$c20140801$lBLL01$h0203
=CAT  \\$a1805-0738$c20181228$lBLL01$h1844
=CAT  \\$a1805-0738$b00$c20181228$lBLL01$h1927
=CAT  \\$aW1910-0531$b00$c20200417$lBLL01$h1848
=CAT  \\$aW2001-2376$c20200626$lBLL01$h1841
=CAT  \\$a15940$b40$c20211201$lBLL01$h1052
=CAT  \\$a8288$b40$c20220203$lBLL01$h1126
=FIN  \\$aY$d20140801
=LKR  \\$aPAR$lBLL01$r776$b000079242$mBible Incidents; and their lessons.$nBible Incidents; and their lessons.
=DGM  \\$a000079242$bCatBridge variable field
=DRT  \\$aGOOGLEBOOKS
=SRC  \\$aGOOGLEBOOKS$bGoogleBooks_20140731
=OHC  \\$a1
=LAS  \\$a8288$b40$c20220203$lBLL01$h1126

