=LDR  02139 am a22004813  4500
=001  017005004
=003  Uk
=005  20190614185130.0
=007  cr\mn\024mpada
=008  891128|1786|||||||\\\\|s\\\\\|||\||ger\\
=FMT  \\$a  BK
=019  x\$a2582160199
=040  \\$aUk$cUk
=100  1\$aPICHLMAYER, Florian.
=245  10$aVon den Verdiensten der baierischen Fürsten Albrecht des V., und Maximilian Emanuels um das bürgerliche Schul- und Edukationswesen, etc.
=264  \1$aMünchen,$c[1786]
=300  \\$c(4º)
=336  \\$atext$2rdacontent
=337  \\$acomputer$2rdamedia
=338  \\$aonline$2rdacarrier
=340  \\$m4to$2rdabf
=720  \\$aALBERT V., Duke of Bavaria
=720  \\$aMAXIMILIAN EMANUEL, Elector of Bavaria
=856  41$uhttp://books.google.com/books?vid=BL:A0018322054$yGoogle_Books
=859  \\$aXLD$bGOOGLEBOOKS
=886  2\$2blmarc$a709$b00$aALBERT V., Duke of Bavaria$p9335.e.17.(5.)$x0042470102
=886  2\$2blmarc$a709$b00$aMAXIMILIAN EMANUEL, Elector of Bavaria$p9335.e.17.(5.)$x2160840203
=883  0\$aLanguage codes assigned by Bayesian analysis of words present in record$d20181024$qUk$c0.997
=852  41$aBritish Library$bHMNTS$jYC.2016.b.2579
=852  4\$cDRT$jDigital Store 9335.e.17.(5.)$aBritish Library$bHMNTS
=985  \\$aCorrected by MS generated file for WR# 1805-0738
=CAT  \\$aBATCH-DCW$b00$c20150109$lBLL01$h0950
=CAT  \\$aWR15_122$c20151024$lBLL01$h1914
=CAT  \\$a1805-0738$c20190104$lBLL01$h1755
=CAT  \\$a1805-0738$b00$c20190104$lBLL01$h1841
=CAT  \\$aW1903-1550$b00$c20190614$lBLL01$h1851
=FIN  \\$aY$d20150109
=LKR  \\$aPAR$lBLL01$r776$b002908955$mVon den Verdiensten der baierischen Fürsten Albrecht des V., und Maximilian Emanuels um das bürgerliche Schul- und Edukationswesen, etc.$nVon den Verdiensten der baierischen Fürsten Albrecht des V., und Maximilian Emanuels um das bürgerliche Schul- und Edukationswesen, etc.
=DGM  \\$a002908955$bCatBridge variable field
=DRT  \\$aGOOGLEBOOKS
=SRC  \\$aGOOGLEBOOKS$bGoogleBooks_20150108
=OHC  \\$a1
=LAS  \\$aW1903-1550$b00$c20190614$lBLL01$h1851

